<?xml version="1.0" encoding="UTF-8"?><collection xmlns="http://www.loc.gov/MARC21/slim"><record><leader>00496nam--2200145-i-4500</leader><controlfield tag="001">000047603</controlfield><controlfield tag="002">20161230</controlfield><controlfield tag="005">20161230201046</controlfield><controlfield tag="008">060222s1000------------r-----000-0-eng-d</controlfield><datafield ind1=" " ind2=" " tag="080"><subfield code="a">681.3</subfield></datafield><datafield ind1=" " ind2=" " tag="100"><subfield code="a">Willsky, Alan S</subfield></datafield><datafield ind1=" " ind2=" " tag="245"><subfield code="a">Digital signal proc.and control and estimation theory: points of tangency, areas of intersection and paralel directions</subfield></datafield><datafield ind1=" " ind2=" " tag="260"><subfield code="a">Cambridge, The Mit Press, 1979, Xiii+255p</subfield></datafield><datafield ind1=" " ind2=" " tag="490"><subfield code="a">The Mit Press Series In Signal Proc.Optimization And Control</subfield></datafield><datafield ind1=" " ind2=" " tag="852"><subfield code="a">49241</subfield></datafield></record></collection>